<mx:record xmlns="http://www.w3.org/TR/xhtml1/strict" xmlns:mx="http://www.loc.gov/MARC21/slim" xmlns:xsi="http://www.w3.org/2001/XMLSchema-instance"><mx:leader>00000cz   2200000n  0000</mx:leader><mx:controlfield tag="001">oca03906178 </mx:controlfield><mx:controlfield tag="005">20001104070720.0</mx:controlfield><mx:controlfield tag="008">950823n| acannaabn          |a aaa     c</mx:controlfield><mx:datafield ind1=" " ind2=" " tag="010"><mx:subfield code="a">nr 95030997</mx:subfield></mx:datafield><mx:datafield ind1=" " ind2=" " tag="040"><mx:subfield code="a">NNC</mx:subfield><mx:subfield code="b">eng</mx:subfield><mx:subfield code="c">NNC</mx:subfield><mx:subfield code="d">OCoLC</mx:subfield></mx:datafield><mx:datafield ind1="1" ind2=" " tag="100"><mx:subfield code="a">Pomponius Secundus, P.</mx:subfield><mx:subfield code="q">(Publius),</mx:subfield><mx:subfield code="d">1st cent. A.D.</mx:subfield></mx:datafield><mx:datafield ind1="1" ind2=" " tag="400"><mx:subfield code="a">Pomponius Secundus, Publius,</mx:subfield><mx:subfield code="d">1st cent. A.D.</mx:subfield></mx:datafield><mx:datafield ind1="0" ind2=" " tag="400"><mx:subfield code="a">P. Pomponius Secundus,</mx:subfield><mx:subfield code="d">1st cent. A.D.</mx:subfield></mx:datafield><mx:datafield ind1="1" ind2=" " tag="400"><mx:subfield code="a">Secundus, P. Pomponius</mx:subfield><mx:subfield code="q">(Publius Pomponius),</mx:subfield><mx:subfield code="d">1st cent. A.D.</mx:subfield></mx:datafield><mx:datafield ind1="1" ind2=" " tag="400"><mx:subfield code="a">Secundus, Publius Calvius Sabinus Pomponius,</mx:subfield><mx:subfield code="d">1st cent. A.D.</mx:subfield></mx:datafield><mx:datafield ind1=" " ind2=" " tag="670"><mx:subfield code="a">The works of P. Pomponius Secundus [CF] 1991:</mx:subfield><mx:subfield code="b">PHI CD ROM #5.3, Latin Canon, bibliographic screen (P. Pomponius Secundus)</mx:subfield></mx:datafield><mx:datafield ind1=" " ind2=" " tag="670"><mx:subfield code="a">Pauly-Wissowa:</mx:subfield><mx:subfield code="b">42. Halbbd., col. 2356-2360; &amp;#034;Pomponius&amp;#034;, #103 (P. [Calv?]isius Sabinus Pomponius Secundus; Cos. suff. 44 A.D.; legate in Upper Germany, 50-51 A.D.; whether he died in office, or after his return to Rome, and sometime ca. 57/58 is unknown)</mx:subfield></mx:datafield><mx:datafield ind1=" " ind2=" " tag="670"><mx:subfield code="a">Oxford class. dict., 1st ed.:</mx:subfield><mx:subfield code="b">p. 715 (Pomponius Secundus, Publius [?Calv]-isius Sabinus; consul, 44 A.D.; d. either 51-57 A.D. or in the late &amp;#039;60s)</mx:subfield></mx:datafield><mx:datafield ind1=" " ind2=" " tag="670"><mx:subfield code="a">Dict. of Greek and Roman biog. and mythology, 1967:</mx:subfield><mx:subfield code="b">v. 3, p. 764 (Secundus, Pomponius; distinguished poet in the reigns of Tiberius, Caligula, and Claudius; friend of Sejanus, and imprisoned 31 A.D., released 37 A.D.; legate in Germany, 50 A.D.; praenomen is doubtful, called Publius or Lucius by Tacitus; Dio Cassius calls him Quintus)</mx:subfield></mx:datafield><mx:datafield ind1=" " ind2=" " tag="675"><mx:subfield code="a">NUC pre-56.</mx:subfield></mx:datafield><mx:datafield ind1=" " ind2=" " tag="999"><mx:subfield code="a">3</mx:subfield></mx:datafield></mx:record>